@online{manual,
  title = {Teach Spin Manual}}

@online{wikinmr,
  title = {Wikipedia: Relaxation (NMR)},
  url = {https://en.wikipedia.org/wiki/Relaxation_(NMR)},
  urldate = {2017-11-05}}  