@online{konst,
  title = {Fundamental Physical Constants},
  url = {https://physics.nist.gov/cuu/Constants/},
  urldate = {2017-12-10}}
  
@online{wiki_nacl,
  title = {Wikipedia: Natriumchlorid},
  url = {de.wikipedia.org/wiki/Natriumchlorid},
  urldate = {2017-12-17}}