@article{pdg,
  title={Review of particle physics},
  author={Patrignani, C and Particle Data Group and others},
  journal={Chinese physics C},
  volume={40},
  number={10},
  pages={100001},
  year={2016},
  publisher={IOP Publishing}
}

@online{boltzmann,
	title= {Encyclopaedia Britannica},
	url={www.britannica.com},
	urldate = {2018-09-12}
}

@book{material_tutor,
      author        = "Universität Bonn",
      title         = "{K225 Additional Material revised 2018}",
      year          = "2018"
}

@book{further_instructions,
      author        = "Universität Bonn",
      title         = "{K225 further instructions}",
      year          = "2018"
}


@article{weiler,
  title={Vacancy formation in indium investigated by positron lifetime spectroscopy},
  author={Weiler, W and Schaefer, HE},
  journal={Journal of Physics F: Metal Physics},
  volume={15},
  number={8},
  pages={1651},
  year={1985},
  publisher={IOP Publishing}
}




