@online{PID,
  title = {Regler und Regelstrecken},
  url = {https://www.samson.de/document/l102de.pdf},
  urldate = {2017-11-23}}

@online{RWTH,
  title = {Versuchsanleitung Rastertunnelmikroskopie von RWTH},
  url = {https://institut2a.physik.rwth-aachen.de/de/teaching/praktikum/Anleitungen/FK03-RTM.pdf},
  urldate = {2017-11-23}}

@article{graphit,
author= "Daniel R. Cooper et al.",
title= "{Experimental Review of Graphene}",
journal= "ISRN condensed Matter Physics",
volume="2012",
year="2012"
}

@online{wiki_konst,
  title = {Wikipedia: Physikalische Konstante},
  url = {de.wikipedia.org/wiki/Physikalische_Konstante#Tabelle_einiger_Naturkonstanten},
  urldate = {2017-12-7}}
  
 
@online{wiki_cd,
  title = {Wikipedia: Cadmium},
  url = {de.wikipedia.org/wiki/Cadmium},
  urldate = {2017-12-7}}
  
@online{fabryperotaufloes,
  title = {Skript Optik, Humboldt Universit√§t Berlin},
  url = {www.physik.hu-berlin.de/de/nano/lehre/exp3/Teil_2},
  urldate = {2017-12-7}}