@article{Agashe:2014kda,
      author         = "Olive, K. A. and others",
            title          = "{Review of Particle Physics}",
                  collaboration  = "Particle Data Group",
                        journal        = "Chin. Phys.",
                              volume         = "C38",
                                    year           = "2014",
                                          pages          = "090001",
                                                      SLACcitation   = "%%CITATION = CHPHD,C38,090001;%%"
}

@book{praktikumsheft,
      author        = "Universit√§t Bonn",
      title         = "{Physikalisches Praktikum \RM{5}: Kern- und Teilchenphysik, Versuch 525: Nukleare Elektronik und Lebensdauermessung}",
      year          = "2018"
}