@article{Agashe:2014kda,
      author         = "Olive, K. A. and others",
            title          = "{Review of Particle Physics}",
                  collaboration  = "Particle Data Group",
                        journal        = "Chin. Phys.",
                              volume         = "C38",
                                    year           = "2014",
                                          pages          = "090001",
                                                      SLACcitation   = "%%CITATION = CHPHD,C38,090001;%%"
}

@book{praktikumsheft,
      author        = "Universit√§t Bonn",
      title         = "{Physikalisches Praktikum \RM{5}: Kern- und Teilchenphysik, Versuch 525: Nukleare Elektronik und Lebensdauermessung}",
      year          = "2018"
}

@online{cs133,
	title= {Adopted Levels, Gammas for $^{133}$Cs},
	url={http://www.nndc.bnl.gov/nudat2/getdataset.jsp?nucleus=133Cs},
	urldate = {2018-05-20}
}

@online{baspektrum,
	title= {Barium 133 Source Information},
	url={http://www.spectrumtechniques.com/products/sources/ba-133/},
	urldate = {2018-05-20}
}

@book{weiler,
      author        = "Weiler et al.",
      title         = "Vacancy formation in Indium investigated by positron spectroscopy",
      journal        = "J.Phys.F:Met.Phys",
      year          = "1985"
}

@online{boltzmann,
	title= {Encyclopaedia Britannica},
	url={www.britannica.com},
	urldate = {2018-09-12}
}

@online{enthalpy,
	title= {Values for the Formation Enthalpy of Vacancies},
	url={www.tf.uni-kiel.de/matwis/amat/def_en/kap_4/illustr/t4_1_1.html},
	urldate = {2018-09-12}
}