@article{Agashe:2014kda,
      author         = "Olive, K. A. and others",
            title          = "{Review of Particle Physics}",
                  collaboration  = "Particle Data Group",
                        journal        = "Chin. Phys.",
                              volume         = "C38",
                                    year           = "2014",
                                          pages          = "090001",
                                                      SLACcitation   = "%%CITATION = CHPHD,C38,090001;%%"
}

@book{praktikumsheft,
      author        = "Universit√§t Bonn",
      title         = "{Physikalisches Praktikum \RM{5}: Kern- und Teilchenphysik}",
      year          = "2018"
}

@online{lara,
	title = {LARA}
	url = {www.nucleide.org/Laraweb/index.php},
	urldate = {2018-06-09}
}

@online{cs133,
	title= {Adopted Levels, Gammas for $^{133}$Cs},
	url={http://www.nndc.bnl.gov/nudat2/getdataset.jsp?nucleus=133Cs},
	urldate = {2018-05-20}
}

@online{baspektrum,
	title= {Barium 133 Source Information},
	url={http://www.spectrumtechniques.com/products/sources/ba-133/},
	urldate = {2018-05-20}
}

@book{bandgap,
 author = {Streetman, Ben G.},
 title = {Solid State Electronic Devices (4th Ed.)},
 year = {1995},
 isbn = {0-13-158767-6},
 publisher = {Prentice-Hall, Inc.},
 address = {Upper Saddle River, NJ, USA},
} 

@online{wirkungsquerschnitt,
	title= {Lecture Note on Photon Interactions and Cross Sections},
	url={http://rcwww.kek.jp/research/shield/photon_r.pdf},
	urldate = {2018-06-10}
}


@online{lebensdauer,
	title= {Radionuclide Half-Life Measurements Data},
	url={https://www.nist.gov/pml/radionuclide-half-life-measurements-data},
	urldate = {2018-06-10}
}
