@online{PID,
  title = {Regler und Regelstrecken},
  url = {https://www.samson.de/document/l102de.pdf},
  urldate = {2017-11-23}}

@online{RWTH,
  title = {Versuchsanleitung Rastertunnelmikroskopie von RWTH},
  url = {https://institut2a.physik.rwth-aachen.de/de/teaching/praktikum/Anleitungen/FK03-RTM.pdf},
  urldate = {2017-11-23}}