@online{unschaerfe,
  title = {Die Energie-Zeit-Unbestimmtheitsrelation},
  url = {https://www.tu-braunschweig.de/Medien-DB/ifdn-physik/quant7.pdf},
  urldate = {2017-09-24}}

@article{kennlinie,
author= "R. H. Fowler",
title= "{The Analysis of Photoelectric Sensitivity Curves for Clean Metals at Various Temperatures}",
journal= "Physical Review",
volume="38",
year="1931"
}
