@online{manual,
  title = {Teach Spin Manual}}